@manual{anleitung,
  author = {TU Dortmund},
  title = {Fourier-Analyse und Synthese},
  URL = {http://129.217.224.2/HOMEPAGE/PHYSIKER/BACHELOR/AP/SKRIPT/V351.pdf},
  year = 2016
}
